@ONLINE{1,
		author = {University of Florida},
		title = {Introduction to Oscilloscopes},
		year = {2005},
		url = {http://www.phys.ufl.edu/courses/phy4802L/f05/lectures/oscilloscope.pdf}
		}
		
@ONLINE{2,
		author = {University of California, Berkeley},
		title = {Lab 2: Function Generator and Oscilloscope},
		year = {2007},
		url = {http://inst.eecs.berkeley.edu/~ee100/su07/lab/lab2-FunctionGeneratorOscilloscope/eecs100_eecs43_lab2-fncn_generator_scope.pdf}
		}
		
@ONLINE{3,
		author = {Agilent},
		title = {Agilent 33220A User's Guide},
		year = {2013},
		url = {http://cp.literature.agilent.com/litweb/pdf/33220-90002.pdf}
		}
		